@article{ANHC21,
    author = {Anderluh, A. and Pamela C. Nolz and Vera C. Hemmelmayr and Teodor Gabriel Crainic},
    title = {Multi-objective optimization of a two-echelon vehicle routing problem with vehicle synchronization and ‘grey zone’ customers arising in urban logistics},
    journal = {European Journal of Operational Research},
    volume = {289},
    number = {3},
    pages = {940-958},
    year = {2021}
}

@Article{Andersson00,
  author={Andersson, J. and Marklund, J.},
  title={{Decentralized inventory control in a two-level distribution system}},
  journal={European J. of Operational Research},
  year=2000,
  volume={127},
  number={3},
  pages={483-506}
}

@Article{A01,
 author = {Aviv, Y.},
 year = 2001,
 title = {The effect of collaborative forecasting on supply chain performance},
 journal = {Management Science},
 volume = 47,
 number = 10,
 pages = {1326-1343}
}

@book{Axsater00,
 author = {Axsäter, S.}, 
 title = "Inventory Control", 
 address = {Boston, USA}, 
 publisher = {Kluwer Acad. Publ.}, 
 year = 2000
}

@article{BM11,
    author = {Güzin Bayraksan and David P. Morton},
    title = {A Sequential Sampling Procedure for Stochastic Programming},
    journal = {Operations research},
    year = 2011,
    volume = 59,
    number = 4,
    pages = {iii-1058}
}

@article{BN98,
    author = {Ben-Tal, A. and Nemirovski, A.},
    year = {1998},
    title = {Robust convex optimization},
    journal = {Mathematics of Operations Research},
    volume = 23,
    number = 4,
    pages={769-805}
}

@article{B55,
    author = {Beale, E. M. L.},
    title = {On Minimizing a Convex Function Subject to Linear Inequalities},
    journal = {Journal of the Royal Statistical Society: Series B (Methodological)},
    volume = {17},
    number = {2},
    pages = {173-184},
    year = {2018},
    month = {12},
}

@article{BB23,
  author={Bertsimas, Dimitris and Boussioux, Leonard},
  title={Ensemble modeling for time series forecasting: an adaptive robust optimization approach},
  journal={arXiv preprint arXiv:2304.04308},
  year={2023}
}

@article{BS04,
  author  = {Bertsimas, D. and Sim, M.},
  year    = 2004,
  title   = {The price of robustness},
  journal = {Operations Research},
  volume = 52,
  number = 1,
  pages  = {35–53}
}

@article{BK19,
  author  = {Bertsimas, Dimitris and Kallus, Nathan},
  title   = {From Predictive to Prescriptive Analytics},
  journal = {Management Science},
  volume  = {66},
  number  = {3},
  pages   = {1025--1044},
  year    = {2019},
  publisher = {INFORMS},
  doi     = {10.1287/mnsc.2018.3253}
}

@InProceedings{BBL07,
 author="Beyrouthy, C.
 and Burke, Edmund K.
 and Landa-Silva, Dario
 and McCollum, Barry
 and McMullan, Paul
 and Parkes, Andrew J.",
 editor="Burke, Edmund K. and Rudov{\'a}, Hana",
 title="The Teaching Space Allocation Problem with Splitting",
 booktitle="Practice and Theory of Automated Timetabling VI",
 year="2007",
 publisher="Springer, Heidelberg",
 pages="228--247"
}

@article{BS17,
 author = {Biçer, I. and Seifert, R. W.},
 title = {Optimal Dynamic Order Scheduling under Capacity Constraints Given Demand-Forecast Evolution},
 journal = {Production and Operations Management},
 volume = {26},
 number = {12},
 pages = {2266-2286},
 year = {2017}
}

@book{BL11,
    author = {Birge, J. R. and Louveaux, F.},
    title = {Introduction to Stochastic Programming (2nd ed.)},
    publisher = {Springer},
    year = 2011
}

@article{B81,
  title={On the mapping problem},
  author={Bokhari, S.H.},
  journal={IEEE Transactions on computers},
  volume={100},
  number={3},
  pages={207--214},
  year={1981},
  publisher={IEEE}
}

@book{BD91,
  author={Brockwell, P. J. and Davis, R.A.},
  year = 1991,
  title = {Time Series: Theory and Methods},
  publisher = {Springer}
}

@article{CC59,
  author={Charnes, A. and Cooper, W. W.},
  year  = 1959,
  title ={Chance-constrained programming},
  journal={Management Science},
  volume = 6,
  number = 1,
  pages = {73–79}
}

@article{CSX20,
  author={Chen, Zhi and Sim, Melvyn and Xiong, Peng},
  title={Robust stochastic optimization made easy with RSOME},
  journal={Management Science},
  volume={66},
  number={8},
  pages={3329--3339},
  year={2020},
  publisher={INFORMS}
}

@article{CX23,
  author={Chen, Zhi and Xiong, Peng},
  title={{RSOME} in {Python}: An open-source package for robust stochastic optimization made easy},
  journal={INFORMS Journal of Computing},
  volume={35},
  number={4},
  pages={717--724},
  year = {2023},
  publisher={INFORMS}
}

@article{CW05,
  title={Managing inventories in a two-echelon dual-channel supply chain},
  author={Chiang, W.K. and Monahan, G. E},
  journal={European J. of Operational Research},
  volume={162},
  number={2},
  pages={325--341},
  year={2005},
  publisher={Elsevier}
}

@article{CL17,
 author = {Choi, T.M. and Lambert, J.H},
 year = 2017,
 title = {Modeling and Managing Uncertainty in the Internet of Things: An Application to Logistics}, 
 journal = {IEEE Transactions on Engineering Management}, 
 volume = 64,
 number = 3,
 pages = {357-368}
}

@article{Clark60,
 author = {Clark, A.J. and Scarf, H.},
 journal = {Management Science},
 number = {4},
 pages = {475--490},
 publisher = {INFORMS},
 title = {Optimal Policies for a Multi-Echelon Inventory Problem},
 volume = {6},
 year = {1960}
}

@article{CCMT90,
 author = {Cleveland, R.B. and Cleveland, W.S. and McRae, J.E. and Terpenning, I.J.},
 year = 1990,
 title = {{STL}: A seasonal-trend decomposition procedure based on loess},
 journal = {Journal of Official Statistics},
 volume = 6,
 number = 1, 
 pages = {3–33}
}

@article{Dai17,
    author = {Dai, Z. and Aqlan, F. and Gao, K.},
    title = {Optimizing multi-echelon inventory with three types of demand in supply chain},
    journal = {Transportation Research Part E: Logistics and Transportation Review},
    volume = {107},
    pages = {141-177},
    year = {2017},
}

@article{D55,
    author = {Dantzig, G.},
    title = {Linear Programming under Uncertainty},
    journal = {Management Science},
    year = 1955,
    volume = 1,
    number = {3-4},
    pages = {197-206}
}

@book{DJS18,
    author = {Deep, K. and Madhu Jain and Said Salhi},
    title = {Logistics, Supply Chain and Financial Predictive Analytics},
    subtitle = {Theory and Practices},
    series = {Asset Analytics},
    publisher = {Springer},
    year = 2018
}

@article{DEKOK2018,
author = {Ton {de Kok} and Christopher Grob and Marco Laumanns and Stefan Minner and Jörg Rambau and Konrad Schade},
title = {A typology and literature review on stochastic multi-echelon inventory models},
journal = {European Journal of Operational Research},
volume = {269},
number = {3},
pages = {955-983},
year = {2018},
}

@article{DY10,
  author={Delage, E. and Ye, Y.},
  year = 2010,
  title={Distributionally robust optimization under moment uncertainty with application to data-driven problems},
  journal={Operations Research},
  volume = 58,
  number = 3,
  pages = {595–612}
}

@article{D06,
  title={Statistical comparisons of classifiers over multiple data sets},
  author={Dem{\v{s}}ar, J.},
  journal={The Journal of Machine learning research},
  volume={7},
  number={1},
  pages={1--30},
  year={2006}
}

@inproceedings{DAK17,
     author = {Donti, Priya and Amos, Brandon and Kolter, J. Zico},
     booktitle = {Advances in Neural Information Processing Systems},
     editor = {I. Guyon and U. Von Luxburg and S. Bengio and H. Wallach and R. Fergus and S. Vishwanathan and R. Garnett},
     publisher = {Curran Associates, Inc.},
     title = {Task-based End-to-end Model Learning in Stochastic Optimization},
     volume = {30},
     year = {2017}
}

@book{DH04,
    author={Drezner, Z. and Hamacher, H.W.},
    year = 2004, 
    title = {Facility Location Applications and Theory},
    address = {New York, USA},
    publisher = {Springer}
}

@article{DT89,
 author = {Dror, M. and Trudeau, P.},
 journal = {Transportation Science},
 number = {2},
 pages = {141--145},
 publisher = {INFORMS},
 title = {Savings by Split Delivery Routing},
 urldate = {2024-09-27},
 volume = {23},
 year = {1989}
}

@inproceedings{EG81,
  title={Centralized ordering policies in a multi-warehouse system with lead times and random demand},
  author={Eppen, G. and Schrage, L.},
  editor = {Schwarz, L.},
  booktitle = {Multi-Level Production/Inventory Control Systems},
  publisher = {North Holland},
  year={1981},
  pages = {51-69}
}

@article{EK98,
    author = {Ernst, A.T. and Krishnamoorthy, M.},
    title = {Exact and heuristic algorithms for the uncapacitated multiple allocation p-hub median problem},
    journal = {European Journal of Operational Research},
    volume = {104},
    number = {1},
    pages = {100-112},
    year = {1998},
}

@inproceedings{Escorcia20,
    author = {Escorcia-Caballero, J.P. and Amaya-Mier, R. and Soto-Ferrari, M. and Chams-Anturi, O.},
    year = {2020},
    month = {11},
    pages = {165-175},
    title = {Multi-Echelon Inventory Management Policies: A Case Study for a Two-Echelon Supply Chain},
    booktitle = {proc. International Conference on Industrial Engineering and Operations Management}
}

@misc{EK17,
      author={Peyman Mohajerin Esfahani and Daniel Kuhn},
      title={Data-driven Distributionally Robust Optimization Using the Wasserstein Metric: Performance Guarantees and Tractable Reformulations}, 
      year={2017},
      eprint={1505.05116},
      archivePrefix={arXiv},
      primaryClass={math.OC},
      url={https://arxiv.org/abs/1505.05116}, 
}

@article{FTW18,
    author = {Fairbrother, Jamie and Turner, Amanda and Wallace, Stein W.},
    title = {Scenario Generation for Single-Period Portfolio Selection Problems with Tail Risk Measures: Coping with High Dimensions and Integer Variables},
    journal = {INFORMS Journal on Computing},
    volume = {30},
    number = {3},
    pages = {472-491},
    year = {2018},
}

@article{Fawaz19,
    author = {Fawaz, I.H. and Forestier, G. and Weber, J. and Idoumghar, L. and Muller, P.},
    title = {Deep learning for time series classification: a review}, 
    journal = {Data Mining and Knowledge Discovery},  
    volume = 33, 
    pages = {917–963},
    year = 2019
}

@misc{GDOforecastRepo,
    author = {Maniezzo, V.},
    title = {{GDOforecast} repository},
    note = "https://github.com/maniezzo/ GDOforecast",
    year = 2024,
}

@misc{GDOforecastData,
    author = {Maniezzo, V.},
    title = {GDOforecast data},
    note = {https://github.com/maniezzo/ GDOforecast/blob/master/ data/dataframe\_nocovid\_full.csv},
    year = 2023,
}

@Article{Gumus10,
  author={Gumus, A. T. and Guneri, A.F. and Ulengin, F.},
  title={{A new methodology for multi-echelon inventory management in stochastic and neuro-fuzzy environments}},
  journal={International Journal of Production Economics},
  year=2010,
  volume={128},
  number={1},
  pages={248-260},
  month={November},
}

@article{H60,
 author = {Hammersley, J.M.},
 title = {MONTE CARLO METHODS FOR SOLVING MULTIVARIABLE PROBLEMS},
 journal = {Annals of the New York Academy of Sciences},
 volume = {86},
 number = {3},
 pages = {844-874},
 year = {1960}
}

@article{HR17,
 author = {Hofmann, E. and Rüsch, M.},
 year = 2017,
 title = {Industry 4.0 and the current status as well as future prospects on logistics},
 journal = {Computers in Industry},
 volume = 89,
 pages = {23--34}
}

@article{HFKS02,
 author = {Holmström, J. and Främling, K. and Kaipia, R. and Saranen, J.},
 year = 2002, 
 title = "Collaborative planning forecasting and replenishment: new solutions needed for mass collaboration", 
 journal = {Supply Chain Management}, 
 volume = 7,
 number = 3, 
 pages = {136-145}
}

@book{HKOS08,
    title = "Forecasting with Exponential Smoothing: The State Space Approach",
    author = "Hyndman, {Robin John} and Koehler, {Anne B} and Ord, {J Keith} and Snyder, {Ralph David}",
    year = "2008",
    language = "English",
    isbn = "9783540719168",
    publisher = "Springer",
    address = "Switzerland",
}

@article{IFW19,
  Title   = {Deep learning for time series classification: a review},
  Author  = {Fawaz, I. H. and Forestier, G. and Weber, J. and Idoumghar, L. and Muller, P.},
  journal = {Data Mining and Knowledge Discovery},
  Year    = {2019},
  volume  = {33},
  number  = {4},
  pages   = {917--963},
}

@inproceedings{JWCZ22,
  author={Jiang, Yuan and Wu, Yaoxin and Cao, Zhiguang and Zhang, Jie},
  title={Learning to solve routing problems via distributionally robust optimization},
  booktitle={Proceedings of the AAAI Conference on Artificial Intelligence},
  volume={36},
  number={9},
  pages={9786--9794},
  year={2022}
}

@article{KS17,
  Author  = {Kache, F. and Seuring, S},
  year = 2017,
  title = {Challenges and opportunities of digital information at the intersection of Big Data Analytics and supply chain management},
  journal = {International Journal of Operations and Production Management},
  volume = 37,
  number = 1,
  pages = {10-36}
}

@book{KM10,
    author = {Kall, P. and Mayer, J.},
    year = 2010,
    title = {Stochastic Linear Programming: Models, Theory, and Computation},
    publisher = {Springer}
}

@incollection{KSI13,
    author="Katoh, Naoki and Shioura, Akiyoshi and Ibaraki, Toshihide",
    editor="Pardalos, P. M. and Du, D.-Z. and Graham, R. L.",
    title="Resource Allocation Problems",
    bookTitle="Handbook of Combinatorial Optimization",
    year="2013",
    publisher="Springer, NY",
    pages="2897--2988"
}

@article{Keneley02,
    title = "Demand forecasting and inventory control: A zero-inflated approach",
    author = {Keneley, M. J. and Van Der Zwaan, B.},
    journal = {European Journal of Operational Research}, 
    year = 2002,
}

@article{KK10,
    author = {Kim, D. and Kim, S.},
    year = 2010,
    title = {A multi-echelon inventory model for supply chain management using the Supply Hub in Industrial Park (SHIP) concept},
    journal = {International Journal of Production Economics},
    volume = 123,
    number = 1,
    pages = {1-12}
}

@article{KSH,
    author = {Kleywegt, Anton J. and Shapiro, Alexander and Homem-de-Mello, Tito},
    title = {The Sample Average Approximation Method for Stochastic Discrete Optimization},
    journal = {SIAM Journal on Optimization},
    volume = {12},
    number = {2},
    pages = {479-502},
    year = 2002
}

@article{KLH11,
 author = {Youngjin, K. and Youngho, L. and Junghee, H.},
 title = {A splitter location–allocation problem in designing fiber optic access networks},
 journal = {European Journal of Operational Research},
 volume = {210},
 number = {2},
 pages = {425-435},
 year = {2011},
 issn = {0377-2217},
}

@article{KJ22,
    author = {Simge Küçükyavuz and Ruiwei Jiang},
    title = {Chance-constrained optimization under limited distributional information: A review of reformulations based on sampling and distributional robustness},
    journal = {EURO Journal on Computational Optimization},
    volume = {10},
    year = {2022}
}

@article{LCKZ23,
    author = { Li, Runjie and Cui, Zheng and Yong-Hong Kuo and Lianmin Zhang},
    title = {Scenario-based Distributionally Robust Optimization for the Stochastic Inventory Routing Problem},
    journal = {Transportation Research Part E: Logistics and Transportation Review},
    volume = {176},
    pages = {103193},
    year = {2023},
}

@article{Ma15,
    title = "Combining forecasts in supply chain forecasting: A review",
    author = {Ma, Z. and Li, H. and Wang, Y.},
    journal = {Omega}, 
    year = 2015,
}

@inproceedings{MZ23,
    author	= {Maniezzo, V. and Zhou, T.}, 
    title = {Integrated Forecast and Optimization for Retailer Allocation in a Two-Echelon Inventory System}, 
    booktitle = {proc. of 18th Int. Conf. on Soft Computing Models in Industrial and Environmental Applications (SOCO 2023)}, 
    editor = {Bringas, P.G. and et al.},
    series       = {Lecture Notes in Networks and Systems},
    volume       = {749},
    publisher    = {Springer},
    year         = {2023},
    pages = {279 -- 289}, 
}

@book{matheuristics,
  author	= {Maniezzo, V. and Boschetti, M.A. and St{\"u}tzle, T.},
  title   = {Matheuristics, algorithms and implementations},
  series  = "EURO Advanced Tutorials on Operational Research. Springer",
  address	= "New {Y}ork",
  publisher = "Springer International Publishing",
  year	= "2021"
}

@inbook{MBS21GAPnomore,
 crossref={matheuristics},
 title={The Generalized Assignment Problem},
 author={Maniezzo, V. and Boschetti, M.A. and St{\"u}tzle, T.}, 
 series  = "EURO Advanced Tutorials on Operational Research. Springer",
 volume = 9,
 pages={3-33},
}

@article{M05,
 author = {Marín, A.},
 title = {Formulating and solving splittable capacitated multiple allocation hub location problems},
 journal = {Computers \& Oper. Research},
 volume = {32},
 number = {12},
 pages = {3093-3109},
 year = {2005},
}

@article{Mitra12,
    title = {Inventory management in a two-echelon closed-loop supply chain with correlated demands and returns},
    journal = {Computers \& Industrial Engineering},
    volume = {62},
    number = {4},
    pages = {870-879},
    year = {2012},
    author = {Subrata, M.},
}

@article{MKE75,
    author = {Mokhtar, H. and Mohan Krishnamoorthy and Andreas T. Ernst},
    title = {The 2-allocation p-hub median problem and a modified Benders decomposition method for solving hub location problems},
    journal = {Computers \& Operations Research},
    volume = {104},
    pages = {375-393},
    year = {2019},
}

@article{P16,
  title={Supply allocation under sequential advance demand information},
  author={Papier, F.},
  journal={Operations Research},
  volume={64},
  number={2},
  pages={341-361},
  year={2016},
  publisher={INFORMS}
}

@article{PH15,
  author  = {Phillips-Wren, Gloria and Hoskisson, Alicia},
  title   = {An Analytical Journey Toward Prescriptive Analytics},
  journal = {Journal of Business Analytics},
  volume  = {1},
  number  = {1},
  pages   = {1--14},
  year    = {2015},
  publisher = {Taylor & Francis},
  doi     = {10.1080/2573234X.2015.1087892}
}

@book{P95,
    author = {Prekopa, A.},
    title = {Stochastic Programming},
    publisher = {Kluwer Academic Publishers},
    year = 1995
}

@article{RM22,
   author={Rahimian, Hamed and Mehrotra, Sanjay},
   title={Frameworks and Results in Distributionally Robust Optimization},
   volume={3},
   journal={Open Journal of Mathematical Optimization},
   publisher={Cellule MathDoc/Centre Mersenne},
   year={2022},
   month=jul, pages={1–85} 
}

@article{R97,
 author = {Refik, G.},
 title = {A two-echelon allocation model and the value of information under correlated forecasts and demands},
 journal = {European J. of Operational Research},
 volume = {99},
 number = {2},
 pages = {386-400},
 year = {1997},
}

@inbook{R18,
    author = {Römisch, Werner},
    publisher = {John Wiley and Sons, Ltd},
    isbn = {9781118445112},
    title = {Stochastic Programming, Scenario Generation In},
    booktitle = {Wiley StatsRef: Statistics Reference Online},
    pages = {1-5},
    doi = {https://doi.org/10.1002/9781118445112.stat08075},
    year = {2018}
}

@article{Sakulsom19,
    author = {Sakulsom, N. and Tharmmaphornphilas, W.},
    title = {Heuristics for a periodic-review policy in a two-echelon inventory problem with seasonal demand},
    journal = {Computers \& Industrial Engineering},
    volume = {133},
    pages = {292-302},
    year = {2019},
    issn = {0360-8352}
}

@misc{SciKitCD,
    author = {Scikit},
    title = {posthocs critical difference diagram},
    note = "https://scikit-posthocs.readthedocs.io/en/latest/generated/ scikit\_posthocs.critical\_difference\_diagram.html",
    year = 2024,
}

@Inbook{S13,
    author="Shapiro, A.",
    editor="Gass, Saul I. and Fu, Michael C.",
    title="Sample Average Approximation",
    bookTitle="Encyclopedia of Operations Research and Management Science",
    year="2013",
    publisher="Springer US",
    address="Boston, MA",
    pages="1350--1355"
}

@book{SDR09,
    author = {Shapiro, A. and Dentcheva, D. and Ruszczyński, A.},
    title = {Lectures on Stochastic Programming: Modeling and Theory},
    publisher = {SIAM},
    year = 2009
}

@article{SH98,
    author = {Shapiro, A. and Homem-de-Mello, T.},
    title = {A simulation-based approach to two-stage stochastic programming with recourse},
    journal = {Mathematical Programming},
    volume = 81,
    pages = {301–325},
    year = 1998
}

@article{Shenstone01,
    title = "A literature review on approaches to the forecasting of intermittent demand",
    author = {Shenstone, A. G. and Dekker, R.},
    journal = {Jou. of the Oper. Research Society}, 
    year = 2001
}

@article{S10,
  author  = {Shmueli, Galit},
  title   = {To Explain or to Predict?},
  journal = {Statistical Science},
  volume  = {25},
  number  = {3},
  pages   = {289--310},
  year    = {2010},
  publisher = {Institute of Mathematical Statistics},
  doi     = {10.1214/10-STS330}
}

@book{Si13,
  author    = {Eric Siegel},
  title     = {Predictive Analytics: The Power to Predict Who Will Click, Buy, Lie, or Die},
  publisher = {Wiley},
  year      = {2013},
  address   = {Hoboken, NJ},
  isbn      = {978-1-118-37232-0}
}

@article{Syntetos05,
    title = "Demand forecasting and inventory control for intermittent demand using a weighted moving average approach",
    author = {Syntetos, A. A. and Boylan, J. E.},
    journal = {International Journal of Production Economics}, 
    year = 2005,
}

@book{TV14,
    editor = {Vigo, D. and Paolo Toth},
    title = {Vehicle Routing},
    publisher = {Society for Industrial and Applied Mathematics},
    year = {2014},
    address = {Philadelphia, PA},
}

@article{TGM23,
    author = {Tirkolaee, E.B. and Alireza Goli and Abbas Mardani},
    title = {A novel two-echelon hierarchical location-allocation-routing optimization for green energy-efficient logistics systems},
    journal = {Annals of Operations Research},
    year = 2023,
    volume = 324,
    pages = {95–823}
}

@article{VAD12,
    author = {Van Kampen, T.J. and Akkerman, R. and Donk, D.P.},
    year = 2012,
    title = {SKU classification: A literature review and conceptual framework},
    journal = {International Journal of Operations and Production Management},
    volume = 32,
    number = 7,
    pages = {850-876}
}

@article{WC20,
    author = {Wang, J. and Chen, B. and Li, P. and Che, Y},
    title = {Distributionally robust optimization of home energy management system based on receding horizon optimization},
    journal = {Frontiers in Energy},
    volume = 14,
    pages = {254–266},
    year = 2020
}

@article{WGNP16,
    author = {Wang, G. and Gunasekaran, A. and Ngai, E.W.T. and Papadopoulos, T.},
    title = {Big data analytics in logistics and supply chain management: Certain investigations for research and applications},
    journal = {Int. Jou. of Production Economics},
    volume = 176,
    pages = {98-110},
    year = 2016
}

@article{WAJ23,
    author = {Wang, Kai and Aydemir, Mehmet and Jacquillat, Alexandre},
    year = {2023},
    month = {10},
    pages = {},
    title = {Scenario-Based Robust Optimization for Two-Stage Decision Making Under Binary Uncertainty},
    volume = {6},
    journal = {INFORMS Journal on Optimization}
}

@inproceedings{WDT19,
    author = {Wilder, Bryan and Dilkina, Bistra and Tambe, Milind},
    title = {Melding the data-decisions pipeline: decision-focused learning for combinatorial optimization},
    year = {2019},
    isbn = {978-1-57735-809-1},
    publisher = {AAAI Press},
    booktitle = {Proceedings of the Thirty-Third AAAI Conference on Artificial Intelligence},
    articleno = {204},
    numpages = {8},
    location = {Honolulu, Hawaii, USA},
    series = {AAAI'19/IAAI'19/EAAI'19}
}

@article{Yang08,
    title = "Demand forecasting for a two-level supply chain with arima models under horizontal collaboration",
    author = {Yang, P. C. and Wee, H. M. and Li, Y.},
    journal = {International Journal of Production Economics}, 
    year = 2008,
}

@article{Z70,
    author = {Žáčková, J.},
    title = {A note on deterministic equivalents to stochastic linear programming problems},
    journal = {Zeitschrift für Wahrscheinlichkeitstheorie und Verwandte Gebiete},
    year = 1970,
    pages =  {264--268},
    volume = 14,
    number = 4
}

@article{ZHHY21,
    author = {Zhu, S. and Xiangpei Hu and Kai Huang and Yufei Yuan},
    title = {Optimization of product category allocation in multiple warehouses to minimize splitting of online supermarket customer orders},
    journal = {Eur. Jou. of Oper. Research},
    volume = {290},
    number = {2},
    pages = {556-571},
    year = {2021},
}


@article{b1,
  author = {Efron, B.},
  title = {Bootstrap Methods: Another Look at the Jackknife},
  journal = {The Annals of Statistics},
  year = {1979},
  volume = {7},
  number = {1},
  pages = {1--26},
}

@article{b2,
  author = {Künsch, H.R.},
  title = {The Jackknife and the Bootstrap for General Stationary Processes},
  journal = {The Annals of Statistics},
  year = {1989},
  volume = {17},
  number = {3},
  pages = {1217--1241},
}

@article{b3,
  author = {Politis, D.N. and Romano, J.P.},
  title = {A Circular Block-Resampling Procedure for Stationary Data},
  journal = {Exploring the Limits of Bootstrap},
  year = {1992},
  pages = {203--220},
}

@article{b4,
  author = {Paparoditis, E. and Politis, D.N.},
  title = {The Stationary Bootstrap},
  journal = {Statistical Methodology},
  year = {2001},
  volume = {1},
  number = {1},
  pages = {113--130},
}

@article{b5,
  author = {Freedman, D.A.},
  title = {Bootstrapping Regression Models},
  journal = {The Annals of Statistics},
  year = {1981},
  volume = {9},
  number = {6},
  pages = {1218--1228},
}

@article{b6,
  author = {Efron, B. and Tibshirani, R.J.},
  title = {Bootstrap Methods for Standard Errors, Confidence Intervals, and Other Measures of Statistical Accuracy},
  journal = {Statistical Science},
  year = {1986},
  volume = {1},
  number = {1},
  pages = {54--77},
}

@article{b7,
  author = {Efron, B.},
  title = {The Jackknife, the Bootstrap, and Other Resampling Plans},
  journal = {SIAM},
  year = {1982},
}

@article{b8,
  author = {Brockwell, P.J. and Davis, R.A.},
  title = {Time Series: Theory and Methods},
  journal = {Springer Series in Statistics},
  year = {2016},
}

@article{b9,
  author = {Fox, A.J.},
  title = {An R and S-Plus Companion to Applied Regression},
  journal = {Sage Publications},
  year = {2002},
}

@article{b10,
  author = {Beran, J.},
  title = {Statistics for Long-Memory Processes},
  journal = {Chapman and Hall/CRC},
  year = {2013},
}

@article{b11,
  author = {Lütkepohl, H.},
  title = {New Introduction to Multiple Time Series Analysis},
  journal = {Springer Series in Statistics},
  year = {2005},
}

@article{b12,
  author = {Ramsay, J.O. and Silverman, B.W.},
  title = {Functional Data Analysis},
  journal = {Springer Series in Statistics},
  year = {2005},
}

@article{b13,
  author = {Efron, B. and Tibshirani, R.J.},
  title = {Bootstrap Methods for Standard Errors, Confidence Intervals, and Other Measures of Statistical Accuracy},
  journal = {Statistical Science},
  year = {1986},
  volume = {1},
  number = {1},
  pages = {54--77},
}

@article{b14,
  author = {Efron, B.},
  title = {The Jackknife, the Bootstrap, and Other Resampling Plans},
  journal = {SIAM},
  year = {1982},
}

@article{b15,
  author = {Brockwell, P.J. and Davis, R.A.},
  title = {Time Series: Theory and Methods},
  journal = {Springer Series in Statistics},
  year = {2016},
}

@article{b16,
  author = {Fox, A.J.},
  title = {An R and S-Plus Companion to Applied Regression},
  journal = {Sage Publications},
  year = {2002},
}

@article{b17,
  author = {Hyndman, R.J. and Athanasopoulos, G.},
  title = {Forecasting: Principles and Practice},
  journal = {OTexts},
  year = {2018},
}

@article{b18,
  author = {Efron, B. and Tibshirani, R.J.},
  title = {An Introduction to the Bootstrap},
  journal = {Chapman and Hall/CRC},
  year = {1993},
}

@article{b19,
  author = {Efron, B.},
  title = {Bootstrap Methods: Another Look at the Jackknife},
  journal = {The Annals of Statistics},
  year = {1979},
  volume = {7},
  number = {1},
  pages = {1--26},
}

@article{b20,
  author = {Künsch, H.R.},
  title = {The Jackknife and the Bootstrap for General Stationary Processes},
  journal = {The Annals of Statistics},
  year = {1989},
  volume = {17},
  number = {3},
  pages = {1217--1241},
}

@article{b21,
  author = {Efron, B. and Tibshirani, R.J.},
  title = {An Introduction to the Bootstrap},
  journal = {Chapman and Hall/CRC},
  year = {1993},
}

@article{b22,
  author = {Efron, B. and Tibshirani, R.J.},
  title = {Bootstrap Methods for Standard Errors, Confidence Intervals, and Other Measures of Statistical Accuracy},
  journal = {Statistical Science},
  year = {1986},
  volume = {1},
  number = {1},
  pages = {54--77},
}

@article{b23,
  author = {Politis, D.N. and Romano, J.P.},
  title = {A Circular Block-Resampling Procedure for Stationary Data},
  journal = {Exploring the Limits of Bootstrap},
  year = {1992},
  pages = {203--220},
}

@article{paper_ref,
  author = {Fenga, L. and Maniezzo, V.},
  title = {Predictive Analytics for Two-Echelon Logistics, a Case Study in Large-Scale Retail},
  journal = {Journal Name},
  year = {2024}, 
  volume = {Volume Number}, 
  pages = {Pages},
}


@article{dette2016,
  title={The Maximum Entropy Bootstrap: A Review and Applications},
  author={Dettke, N. and Gon\c{c}alves, Pedro},
  journal={Journal of Statistical Planning and Inference},
  volume={171},
  pages={116--128},
  year={2016},
  publisher={Elsevier}
}

@article{baker2018,
  title={Maximum Entropy Methods in Time Series Forecasting},
  author={Baker, J. and Wang, L.},
  journal={Journal of Time Series Analysis},
  volume={39},
  number={5},
  pages={763--779},
  year={2018},
  publisher={Wiley Online Library}
}

@article{shafer2019,
  title={Bootstrap Methods for Time Series Analysis: Review and New Developments},
  author={Shafer, D. and Gubareva, M.},
  journal={Journal of Forecasting},
  volume={38},
  number={6},
  pages={480--495},
  year={2019},
  publisher={John Wiley \& Sons}
}

@article{chen2020,
  title={Adapting the Maximum Entropy Bootstrap to Nonstationary Time Series},
  author={Chen, M. and Zhou, J.},
  journal={Journal of Business Research},
  volume={152},
  pages={345--358},
  year={2020},
  publisher={Elsevier}
}

@article{lopez2023,
  title={Evaluating Forecasting Accuracy of Maximum Entropy Bootstraps for Nonstationary Data},
  author={Lopez, C. and Martinez, E.},
  journal={International Journal of Forecasting},
  volume={39},
  number={2},
  pages={789--802},
  year={2023},
  publisher={Elsevier}
}

% Livio's Biblio

@article{chandran2024strategic,
  title={A Strategic Demand Forecasting: Assessing Methodologies, Market Volatility, and Operational Efficiency},
  author={Chandran, J. M. and Khan, M Reyasudin Basir},
  journal={Malaysian Journal of Business, Economics and Management},
  pages={150--167},
  year={2024}
}

@mastersthesis{feliu2024enhancing,
  title={Enhancing demand forecasting: an analysis of factors impacting sales and implementation of improved methodologies for accurate prediction},
  author={Feliu, J. M.},
  type={{B.S.} thesis},
  year={2024},
  school={Universitat Polit{\`e}cnica de Catalunya}
}

@mastersthesis{suman2024deep,
  author={Suman, D.},
  title={Deep Learning Methods for Demand Time Series Forecasting},
  school = {Aalto Unniversity},
  year={2024}
}

@article{zhang2024forecasting,
  title={Forecasting duty-free shopping demand with multisource data: a deep learning approach},
  author={Zhang, D. and Wu, Pengkun and Wu, Chong and Ngai, Eric WT},
  journal={Annals of Operations Research},
  pages={1--27},
  year={2024},
  publisher={Springer}
}

@incollection{kreiss2012bootstrap,
  title={Bootstrap methods for time series},
  author={Kreiss, J.-P. and Lahiri, Soumendra Nath},
  booktitle={Handbook of statistics},
  volume={30},
  pages={3--26},
  year={2012},
  publisher={Elsevier}
}

@article{hasni2019spare,
  title={Spare parts demand forecasting: a review on bootstrapping methods},
  author={Hasni, M. and Aguir, MS and Babai, M Zied and Jemai, Zied},
  journal={International Journal of Production Research},
  volume={57},
  number={15-16},
  pages={4791--4804},
  year={2019},
  publisher={Taylor \& Francis}
}

@article{sarris2020exploiting,
  title={Exploiting resampling techniques for model selection in forecasting: an empirical evaluation using out-of-sample tests},
  author={Sarris, D. and Spiliotis, Evangelos and Assimakopoulos, Vassilios},
  journal={Operational Research},
  volume={20},
  number={2},
  pages={701--721},
  year={2020},
  publisher={Springer}
}


@book{davison1997bootstrap,
  author    = {Davison, A. C. and Hinkley, D. V.},
  title     = {Bootstrap Methods and Their Application},
  publisher = {Cambridge University Press},
  year      = {1997},
  isbn      = {9780521573133},
  }

 @article{dominguez2022machine,
  title={Machine learning outperformed logistic regression classification even with limit sample size: A model to predict pediatric HIV mortality and clinical progression to AIDS},
  author={Dom{\'\i}nguez-Rodr{\'\i}guez, S. and Serna-Pascual, Miquel and Oletto, Andrea and Barnabas, Shaun and Zuidewind, Peter and Dobbels, Els and Danaviah, Siva and Behuhuma, Osee and Lain, Maria Grazia and Vaz, Paula and others},
  journal={Plos one},
  volume={17},
  number={10},
  pages={e0276116},
  year={2022},
  publisher={Public Library of Science San Francisco, CA USA}
}

@article{ferrari2018bootstrap,
  title={A bootstrap analysis to investigate the economic efficiency of the logistics industry in Italy},
  author={Ferrari, C. and Migliardi, Andrea and Tei, Alessio},
  journal={International Journal of Logistics Research and Applications},
  volume={21},
  number={1},
  pages={20--34},
  year={2018},
  publisher={Taylor \& Francis}
}

@article{meb1,
  title={Maximum entropy bootstrap for time series: the meboot R package},
  author={Vinod, H. D. and L{\'o}pez-de-Lacalle, J.},
  journal={Journal of Statistical Software},
  volume={29},
  pages={1--19},
  year={2009}
}
@article{meb2,
  title={Maximum entropy bootstrap algorithm enhancements},
  author={Vinod, H. D.},
  journal={Available at SSRN 2285041},
  year={2013}
}

@article{meb3,
  title={Demand forecasting at retail stage for selected vegetables: a performance analysis},
  author={Priyadarshi, R. and Panigrahi, Akash and Routroy, Srikanta and Garg, Girish Kant},
  journal={Journal of Modelling in Management},
  volume={14},
  number={4},
  pages={1042--1063},
  year={2019},
  publisher={Emerald Publishing Limited}
}

@article{bb1,
  title={Theoretical comparisons of block bootstrap methods},
  author={Lahiri, S. N.},
  journal={Annals of Statistics},
  pages={386--404},
  year={1999},
  publisher={JSTOR}
}

@article{bb2,
  title={The block--block bootstrap: improved asymptotic refinements},
  author={Andrews, D.W.K.},
  journal={Econometrica},
  volume={72},
  number={3},
  pages={673--700},
  year={2004},
  publisher={Wiley Online Library}
}

@article{jaynes1957information,
  title={Information theory and statistical mechanics},
  author={Jaynes, E.T.},
  journal={Physical Review},
  volume={106},
  number={4},
  pages={620--630},
  year={1957},
  publisher={APS}
}

@book{berger1985statistical,
  title={Statistical Decision Theory and Bayesian Analysis},
  author={Berger, J.O.},
  year={1985},
  publisher={Springer}
}


@article{shannon1948mathematical,
  title={A mathematical theory of communication},
  author={Shannon, C.E.},
  journal={Bell System Technical Journal},
  volume={27},
  number={3},
  pages={379--423},
  year={1948},
  publisher={Wiley Online Library}
}

@book{efron1993introduction,
  title={An Introduction to the Bootstrap},
  author={Efron, B. and Tibshirani, Robert J.},
  year={1993},
  publisher={Chapman and Hall/CRC}
}

@article{Vinod1993,
  author = {Vinod, H. D.},
  title = {Maximum Entropy Bootstrap: A New Technique for Problems in Statistics},
  journal = {Journal of Statistical Planning and Inference},
  volume = {37},
  number = {2},
  pages = {151-167},
  year = {1993},
}

@article{Vinod2006,
  author = {Vinod, H. D. and Kourentzes, N.},
  title = {Maximum Entropy Bootstrap for Predictive Inference},
  journal = {Journal of Forecasting},
  volume = {25},
  number = {1},
  pages = {49-63},
  year = {2006},
}

@article{Kourentzes2015,
  author = {Kourentzes, N. and Vinod, H. D.},
  title = {Maximum Entropy Bootstrap for Forecasting with Stock Prices},
  journal = {International Journal of Forecasting},
  volume = {31},
  number = {3},
  pages = {711-718},
  year = {2015},
}

@article{Vinod2008,
  author = {Vinod, H. D. and Kourentzes, N.},
  title = {Using the Maximum Entropy Bootstrap to Create a Nonparametric Model of Market Risk},
  journal = {Finance Research Letters},
  volume = {5},
  number = {4},
  pages = {316-321},
  year = {2008},
}

@article{kreiss2011bootstrap,
  title={Bootstrap methods for dependent data: A review},
  author={Kreiss, J.-P. and Paparoditis, Efstathios},
  journal={Journal of the Korean Statistical Society},
  volume={40},
  number={4},
  pages={357--378},
  year={2011},
  publisher={Elsevier}
}

@article{gilbert2005arima,
  title={An ARIMA supply chain model},
  author={Gilbert, K.},
  journal={Management Science},
  volume={51},
  number={2},
  pages={305--310},
  year={2005},
  publisher={INFORMS}
}

@book{efron1994introduction,
  title={An Introduction to the Bootstrap},
  author={Efron, B. and Tibshirani, Robert J.},
  year={1994},
  publisher={Chapman \& Hall/CRC}
}

@book{hastie2009elements,
  title={The Elements of Statistical Learning: Data Mining, Inference, and Prediction},
  author={Hastie, T. and Tibshirani, Robert and Friedman, Jerome},
  year={2009},
  publisher={Springer}
}

@inproceedings{cho2014learning,
  title={Learning Phrase Representations using RNN Encoder-Decoder for Statistical Machine Translation},
  author={Cho, K. and Van Merri{\"e}nboer, B. and Gulcehre, Caglar and Bahdanau, Dzmitry and Bougares, Fethi and Schwenk, Holger and Bengio, Yoshua},
  booktitle={Proceedings of the 2014 Conference on Empirical Methods in Natural Language Processing (EMNLP)},
  pages={1724--1734},
  year={2014}
}

@article{fenga2011bootstrap,
  author = {L. Fenga and D.N. Politis},
  title = {Bootstrap-based ARMA order selection},
  journal = {Journal of Statistical Computation and Simulation},
  year = {2011},
  publisher = {Taylor \& Francis Online}
}

@article{fenga2013bootstrap,
  author = {L. Fenga and D. N. Politis},
  title = {Bootstrap Order Selection for SETAR models},
  journal = {Journal of Statistical Computation and Simulation},
  year = {2013},
  volume = {83},
  number = {8},
  pages = {1749--1762},
  publisher = {Taylor \& Francis Online}
}

@article{fenga2017lasso,
  author = {L. Fenga and D. N. Politis},
  title = {LASSO Order Selection for Sparse Autoregression: a Bootstrap Approach},
  journal = {Journal of Statistical Computation and Simulation},
  year = {2017},
  volume = {87},
  number = {2},
  pages = {319--334},
  publisher = {Taylor \& Francis Online}
}


@article{ref1,
  author = {Hyndman, R. J. and Athanasopoulos, G.},
  title = {Forecasting: principles and practice},
  journal = {OTexts},
  year = {2018},
  url = {https://otexts.com/fpp3/}
}

@book{ref2,
  author = {Hastie, T. and Tibshirani, R. and Friedman, J.},
  title = {The elements of statistical learning: data mining, inference, and prediction},
  publisher = {Springer},
  year = {2009}
}